<mx:record xmlns="http://www.w3.org/TR/xhtml1/strict" xmlns:mx="http://www.loc.gov/MARC21/slim" xmlns:xsi="http://www.w3.org/2001/XMLSchema-instance"><mx:leader>00000cz 2200000n 4500</mx:leader><mx:controlfield tag="001">oca02402893 </mx:controlfield><mx:controlfield tag="005">20070130052022.0</mx:controlfield><mx:controlfield tag="008">881114n| acannaabn |a aaa </mx:controlfield><mx:datafield ind1=" " ind2=" " tag="010"><mx:subfield code="a">n 87874644</mx:subfield></mx:datafield><mx:datafield ind1=" " ind2=" " tag="040"><mx:subfield code="a">DLC</mx:subfield><mx:subfield code="b">eng</mx:subfield><mx:subfield code="c">DLC</mx:subfield><mx:subfield code="d">DLC</mx:subfield><mx:subfield code="d">ItFiC</mx:subfield></mx:datafield><mx:datafield ind1="0" ind2=" " tag="100"><mx:subfield code="a">Cratinus,</mx:subfield><mx:subfield code="d">d. ca. 420 B.C.</mx:subfield></mx:datafield><mx:datafield ind1="0" ind2=" " tag="400"><mx:subfield code="w">nnaa</mx:subfield><mx:subfield code="a">Cratinus,</mx:subfield><mx:subfield code="c">the elder</mx:subfield></mx:datafield><mx:datafield ind1="0" ind2=" " tag="400"><mx:subfield code="a">Cratinus,</mx:subfield><mx:subfield code="c">the Elder,</mx:subfield><mx:subfield code="d">d. ca. 420 B.C.</mx:subfield></mx:datafield><mx:datafield ind1="0" ind2=" " tag="400"><mx:subfield code="a">Kratinos,</mx:subfield><mx:subfield code="d">d. ca. 420 B.C.</mx:subfield></mx:datafield><mx:datafield ind1="0" ind2=" " tag="400"><mx:subfield code="a">Cratino,</mx:subfield><mx:subfield code="d">d. ca. 420 B. C.</mx:subfield></mx:datafield><mx:datafield ind1=" " ind2=" " tag="670"><mx:subfield code="a">Rosen, R.M. Old comedy and the iambographic tradition, c1988:</mx:subfield><mx:subfield code="b">CIP galley (Cratinus; Greek comic poet)</mx:subfield></mx:datafield><mx:datafield ind1=" " ind2=" " tag="670"><mx:subfield code="a">LC manual cat.</mx:subfield><mx:subfield code="b">(hdg.: Cratinus, the elder)</mx:subfield></mx:datafield><mx:datafield ind1=" " ind2=" " tag="670"><mx:subfield code="a">Ency. Brit. micropaedia</mx:subfield><mx:subfield code="b">(Cratinus; d. c. 420 B.C.; Athenian poet)</mx:subfield></mx:datafield><mx:datafield ind1=" " ind2=" " tag="670"><mx:subfield code="a">Ency. Brit., 1972</mx:subfield><mx:subfield code="b">(Cratinus; c. 495-c. 420 B.C.; Athenian writer of comedy; some
            authorities put his d. of b. much earlier)</mx:subfield></mx:datafield><mx:datafield ind1=" " ind2=" " tag="670"><mx:subfield code="a">Ency. Americana, 1975</mx:subfield><mx:subfield code="b">(Cratinus; c. 510-c. 422 B.C.)</mx:subfield></mx:datafield><mx:datafield ind1=" " ind2=" " tag="670"><mx:subfield code="a">Collier&amp;#039;s ency., 1973</mx:subfield><mx:subfield code="b">(Cratinus)</mx:subfield></mx:datafield><mx:datafield ind1=" " ind2=" " tag="670"><mx:subfield code="a">Greek and Latin authors, 1980</mx:subfield><mx:subfield code="b">(Cratinus; b. c. 510?)</mx:subfield></mx:datafield><mx:datafield ind1=" " ind2=" " tag="670"><mx:subfield code="a">Oxford classical dict., 1970</mx:subfield><mx:subfield code="b">(Cratinus)</mx:subfield></mx:datafield><mx:datafield ind1=" " ind2=" " tag="670"><mx:subfield code="a">Hē Pytinē tou Kratinou, 1994:</mx:subfield><mx:subfield code="b">p. 8 (Kratinos; b. 520 B.C.; d. 423 B.C.)</mx:subfield></mx:datafield><mx:datafield ind1=" " ind2=" " tag="670"><mx:subfield code="a">Volpe e leone, 2006:</mx:subfield><mx:subfield code="b">t.p. (Cratino)</mx:subfield></mx:datafield><mx:datafield ind1=" " ind2=" " tag="999"><mx:subfield code="a">246</mx:subfield></mx:datafield></mx:record>